@ARTICLE{Chenetal1999,
    author = {J. Chen and D. K. Friesen and H. Zheng},
    title = {Tight bound on Johnson's algorithm for maximum satisfiability},
    journal = {J. Comput. Sys. Sci.},
    year = {1999},
    volume = {58},
    pages = {622-640}
}

@ARTICLE{Zuylen,
    author = {Anke van Zuylen},
    title = {Simpler 3/4-approximation algorithms for MAX SAT},
    journal = {Lecture Notes in Computer Science},
    year = {2012},
    volume = {7164},
    pages = {188-197}
}

@ARTICLE{PoloczekandSchnitger2011,
    author = {M. Poloczek and G. Schnitger},
    title = {Randomized variants of Johnson's algorithm for MAX SAT},
    journal = {Proceedings of the Twenty-Second Annual ACM-SIAM Symposium on Discrete Algorithms},
    year = {2011},
    pages = {656-663}
}

@ARTICLE{Johnson1973,
    author = {D. S. Johnson},
    title = {Approximation algorithms for combinatorial problems},
    journal = {J. Comput. System Sci.},
    volume = {9},
    year = {1973},
    pages = {256-278}
}

@inproceedings{POS-14:New_CNF_Features_and_Formula_Classification,
  author    = {Enrique Alfonso and Norbert Manthey},
  title     = {New CNF Features and Formula Classification},
  booktitle = {POS-14. Fifth Pragmatics of SAT workshop},
  editor    = {Daniel Le Berre},
  series    = {EPiC Series in Computing},
  volume    = {27},
  pages     = {57-71},
  year      = {2014},
  publisher = {EasyChair},
  bibsource = {EasyChair, http://www.easychair.org},
  issn      = {2040-557X}}